% This file was created with JabRef 2.8.1.
% Encoding: Cp1252

@BOOK{Modelica_tutorial,
  title = {Modelica - A Unified Object-Oriented Language for Physical Systems
	Modelling - Tutorial},
  year = {2000},
  author = {Modelica Association},
  edition = {1.4}
}

@ARTICLE{Elicottero_LQ,
  author = {S. Bittanti and F. Lorito and S. Strada},
  title = {An {LQ} approach to active control of vibrations in helicopters},
  journal = {Transactions of the ASME},
  year = {1996},
  volume = {118},
  pages = {482-488},
  month = {Settembre}
}

@PHDTHESIS{Castelnuovo-Gotti,
  author = {Castelnuovo,L. Gotti,G.},
  title = {Progetto di un modello in scala di un dispositivo rotante da imbarcare
	a bordo della stazione spaziale},
  school = {Politecnico di Milano},
  year = {2002}
}

@BOOK{Dymola_users,
  title = {Dymola - Dynamic Modelling Laboratory - User's manual},
  publisher = {Dynasim AB},
  author = {Elmqvist,H. Bruck,D. Mattson,S.E. Olsson,H. Otter,M.}
}

@ARTICLE{Engelson,
  author = {Engelson,V. Larsson,H. Fritzson,P.},
  title = {A design, simulation and visualization enviroment for object-oriented
	mechanical and multi-domain models in modelica},
  journal = {Proceedings of IEEE International Conference on Information Visualization},
  year = {1999},
  pages = {188-193}
}

@ARTICLE{Ferr_Magn_Roc,
  author = {Ferretti,G. Magnani,G. Rocco,P.},
  title = {Virtual prototyping of mechatronic systems in Modelica},
  journal = {Second IFAC Conference on Mechatronic Systems},
  year = {2002},
  month = {Dicembre}
}

@BOOK{Finzi_Dinamica,
  title = {Meccanica Razionale},
  publisher = {Zanichelli Bologna},
  year = {1988},
  author = {Finzi,B.},
  volume = {2 - Dinamica},
  edition = {terza}
}

@ARTICLE{Fritzson,
  author = {Fritzson,P. Bunus,B.},
  title = {Modelica - A general object-oriented language for continuous and
	discrete-event system modelling and simulation},
  journal = {Proceedings of the 35th IEEE Annual Simulation Symposium},
  year = {2002},
  pages = {335-350}
}

@ARTICLE{HW,
  author = {Hall,S.R. Wereley,N.M.},
  title = {Linear control issues in the higher control of helicopter vibration},
  journal = {Proceedings of the 35th Annual Forum of American Helicopter Society},
  year = {1989}
}

@BOOK{Magnani_ITSC,
  title = {Tecnologie dei sistemi di controllo},
  publisher = {McGraw-Hill},
  year = {2000},
  author = {Magnani,G.}
}

@PHDTHESIS{Pagan,
  author = {Pagan},
  title = {VVIS},
  school = {Politecnico di Milano},
  year = {2000}
}

@ARTICLE{Adaptative,
  author = {Pearson,J.T. Goodall R.M.},
  title = {Adaptive schemes for the active control of helicopter structural
	response},
  journal = {IEEE Transactions on Control Systems Technology},
  year = {1994},
  volume = {2},
  pages = {61-72},
  number = {2},
  month = {Giugno}
}

@BOOK{Sciavicco,
  title = {Robotica industriale - modellistica e controllo di manipolatori},
  publisher = {McGraw-Hill Libri Italia},
  year = {1995},
  author = {Sciavicco,L. Siciliano,B.}
}

@ARTICLE{comparison,
  author = {Sievers,L.A. von Flotow,A.H.},
  title = {Comparison and extensions of control methods for narrow-band disturbance
	rejection},
  journal = {IEEE Transactions on Signal Processing},
  year = {1992},
  volume = {40},
  number = {10},
  month = {Ottobre}
}

@ARTICLE{HTF,
  author = {Wereley,N.M. Hall,S.R.},
  title = {Frequency Response of Linear Time Periodic Systems},
  journal = {Proceedings of the 29th IEEE Conference on Decision and Control},
  year = {1990},
  pages = {3650-3655}
}

@MISC{ESA_Neurolab,
  title = {http://neurolab.jsc.nasa.gov}
}

@MISC{sito_Dynasym,
  title = {http://www.Dynasim.se/}
}

@MISC{sito_modelica,
  title = {http://www.modelica.org/}
}

